001  0000016
005  20180822170944.019
008  170211s||||     bl|||||||||||||||||por|u
040    $aPorto Alegre$bpor
080    $2869.0(81)-1$a1997
090    $a869.0(81)-1$bO35
100 1  $aAdún, Guellwaar (coord.)
245 10 $aOgum´s Toques Negros$bcoletânea poética$cGuellwaar Adún, Mel Adún, Alex Ratt (coords.)
260    $aSalvador$bOgum´s Toques Negros$c2014
300    $a200 p.
650    $aPoesia
650    $aPoesia
650    $aLiteratura Afro-brasileira
650    $aPoema
700 1_ $aAdún, Mel (coord.)
700 1_ $aRatts, Alex (coord.)